<record><leader>00000cas a2200000 a 4500</leader><controlfield tag="001">27184809</controlfield><controlfield tag="008">921230d19011935wyuwr ne      0    0eng c</controlfield><datafield ind1=" " ind2=" " tag="010"><subfield code="a">sn 92067236 </subfield></datafield><datafield ind1=" " ind2=" " tag="040"><subfield code="a">NVO</subfield><subfield code="b">eng</subfield><subfield code="c">NVO</subfield><subfield code="d">OCLCQ</subfield><subfield code="d">DLC</subfield><subfield code="d">OCLCQ</subfield><subfield code="d">OCLCF</subfield><subfield code="d">OCLCO</subfield></datafield><datafield ind1="1" ind2=" " tag="029"><subfield code="a">AU@</subfield><subfield code="b">000025541481</subfield></datafield><datafield ind1=" " ind2=" " tag="042"><subfield code="a">pcc</subfield></datafield><datafield ind1=" " ind2=" " tag="043"><subfield code="a">n-us-wy</subfield></datafield><datafield ind1="0" ind2=" " tag="130"><subfield code="a">Rawlins Republican (Rawlins, Wyo. : 1901)</subfield></datafield><datafield ind1="1" ind2="0" tag="245"><subfield code="a">Rawlins Republican.</subfield></datafield><datafield ind1="1" ind2="3" tag="246"><subfield code="a">Semi-weekly Republican</subfield><subfield code="f">1901-Mar. 1909</subfield></datafield><datafield ind1="1" ind2="3" tag="246"><subfield code="a">Rawlins Republican and Wyoming reporter</subfield><subfield code="f">Feb. 3-July 7, 1927</subfield></datafield><datafield ind1=" " ind2=" " tag="260"><subfield code="a">Rawlins, Wyo. :</subfield><subfield code="b">G.W. Perry</subfield></datafield><datafield ind1=" " ind2=" " tag="300"><subfield code="a">v.</subfield></datafield><datafield ind1=" " ind2=" " tag="310"><subfield code="a">Weekly,</subfield><subfield code="b">Oct. 1931-1935</subfield></datafield><datafield ind1=" " ind2=" " tag="321"><subfield code="a">Semiweekly,</subfield><subfield code="b">1901-Mar. 1909</subfield></datafield><datafield ind1=" " ind2=" " tag="321"><subfield code="a">Weekly,</subfield><subfield code="b">Apr. 1909-July 1927</subfield></datafield><datafield ind1=" " ind2=" " tag="321"><subfield code="a">Semiweekly,</subfield><subfield code="b">Aug. 1927-Sept. 1931</subfield></datafield><datafield ind1="0" ind2=" " tag="362"><subfield code="a">Vol. 13, no. 62 (Aug. 7, 1901)-v. 46, no. 27 (July 4, 1935).</subfield></datafield><datafield ind1=" " ind2=" " tag="580"><subfield code="a">Called: Rawlins Republican and Wyoming reporter (Laramie, Wyo. : 1923), Feb. 3-July 7, 1927.</subfield></datafield><datafield ind1=" " ind2=" " tag="580"><subfield code="a">Absorbed: The Wyoming reporter, Feb. 1, 1927.</subfield></datafield><datafield ind1=" " ind2="0" tag="651"><subfield code="a">Rawlins (Wyo.)</subfield><subfield code="v">Newspapers.</subfield></datafield><datafield ind1=" " ind2="0" tag="651"><subfield code="a">Carbon County (Wyo.)</subfield><subfield code="v">Newspapers.</subfield></datafield><datafield ind1=" " ind2="7" tag="655"><subfield code="a">Newspapers.</subfield><subfield code="2">fast</subfield><subfield code="0">(OCoLC)fst01423814</subfield></datafield><datafield ind1=" " ind2="7" tag="651"><subfield code="a">Wyoming</subfield><subfield code="z">Carbon County.</subfield><subfield code="2">fast</subfield><subfield code="0">(OCoLC)fst01207155</subfield></datafield><datafield ind1=" " ind2="7" tag="651"><subfield code="a">Wyoming</subfield><subfield code="z">Rawlins.</subfield><subfield code="2">fast</subfield><subfield code="0">(OCoLC)fst01217498</subfield></datafield><datafield ind1=" " ind2=" " tag="752"><subfield code="a">United States</subfield><subfield code="b">Wyoming</subfield><subfield code="c">Carbon</subfield><subfield code="d">Rawlins.</subfield></datafield><datafield ind1="0" ind2="0" tag="780"><subfield code="t">Rawlins semi-weekly Republican</subfield><subfield code="w">(DLC)sn 92067235</subfield></datafield><datafield ind1="1" ind2="5" tag="780"><subfield code="t">Wyoming reporter (Rawlins, Wyo.)</subfield><subfield code="w">(DLC)sn 92067237</subfield></datafield><datafield ind1="0" ind2="1" tag="785"><subfield code="t">Rawlins reporter (Rawlins, Wyo. : 1927)</subfield><subfield code="w">(OCoLC)55110967</subfield></datafield><datafield ind1="0" ind2="7" tag="785"><subfield code="t">Rawlins bulletin</subfield></datafield><datafield ind1="0" ind2="7" tag="785"><subfield code="t">Republican-bulletin (Rawlins, Wyo.)</subfield><subfield code="w">(DLC)sn 90051709</subfield></datafield></record>